@inproceedings{davis2006relationship,
  title={The relationship between Precision-Recall and ROC curves},
  author={Davis, Jesse and Goadrich, Mark},
  booktitle={Proceedings of the 23rd international conference on Machine learning},
  pages={233--240},
  year={2006},
  organization={ACM}
}
@inproceedings{li2014secrets,
  title={The secrets of salient object segmentation},
  author={Li, Yin and Hou, Xiaodi and Koch, Christof and Rehg, James M and Yuille, Alan L},
  year={2014},
  organization={Georgia Institute of Technology}
}
@article{tatler2005visual,
  title={Visual correlates of fixation selection: Effects of scale and time},
  author={Tatler, Benjamin W and Baddeley, Roland J and Gilchrist, Iain D},
  journal={Vision research},
  volume={45},
  number={5},
  pages={643--659},
  year={2005},
  publisher={Elsevier}
}
@article{powers2011evaluation,
  title={Evaluation: from precision, recall and F-measure to ROC, informedness, markedness and correlation},
  author={Powers, David Martin},
  year={2011},
  publisher={Bioinfo Publications}
}
@inproceedings{achanta2009frequency,
  title={Frequency-tuned salient region detection},
  author={Achanta, Radhakrishna and Hemami, Sheila and Estrada, Francisco and Susstrunk, Sabine},
  booktitle={Computer vision and pattern recognition, 2009. cvpr 2009. ieee conference on},
  pages={1597--1604},
  year={2009},
  organization={IEEE}
}
@inproceedings{bruce2006saliency,
  title={Saliency based on information maximization},
  author={Bruce, Neil and Tsotsos, John},
  booktitle={Advances in neural information processing systems},
  pages={155--162},
  year={2006}
}
@article{li2013visual,
  title={Visual saliency based on scale-space analysis in the frequency domain},
  author={Li, Jian and Levine, Martin D and An, Xiangjing and Xu, Xin and He, Hangen},
  journal={IEEE transactions on pattern analysis and machine intelligence},
  volume={35},
  number={4},
  pages={996--1010},
  year={2013},
  publisher={IEEE}
}
@article{ChengPAMI,
  author = {Ming-Ming Cheng and Niloy J. Mitra and Xiaolei Huang and Philip H. S. Torr and Shi-Min Hu},
  title = {Global Contrast based Salient Region Detection},
  year  = {2015},
  journal= {IEEE TPAMI},
  volume={37}, 
  number={3}, 
  pages={569--582}, 
  doi = {10.1109/TPAMI.2014.2345401},
}


@conference{13iccv/Cheng_Saliency,
  title={Efficient Salient Region Detection with Soft Image Abstraction},
  author={Ming-Ming Cheng and Jonathan Warrell and Wen-Yan Lin and Shuai Zheng and Vibhav Vineet and Nigel Crook},
  booktitle={IEEE ICCV},
  pages={1529--1536},
  year={2013},
}


@article{SalObjSurvey,
  author = {Ali Borji and Ming-Ming Cheng and Huaizu Jiang and Jia Li},
  title = {Salient Object Detection: A Survey},
  journal = {ArXiv e-prints},
  archivePrefix = {arXiv},
  eprint = {arXiv:1411.5878},
  year = {2014},
}


@article{SalObjBenchmark,
  author = {Ali Borji and Ming-Ming Cheng and Huaizu Jiang and Jia Li},
  title = {Salient Object Detection: A Benchmark},
  journal = {IEEE TIP},
  year={2015},
  volume={24},
  number={12},
  pages={5706-5722},
  doi={10.1109/TIP.2015.2487833}, 
}