@article{Mobahi2011Segmentation,
  title={Segmentation of Natural Images by Texture and Boundary Compression},
  author={Mobahi, Hossein and Rao, Shankar R and Yang, Allen Y and Sastry, Shankar S and Ma, Yi},
  journal={International Journal of Computer Vision},
  volume={95},
  number={1},
  pages={86-98},
  year={2011},
}
@InProceedings{MartinFTM01,
  author = {D. Martin and C. Fowlkes and D. Tal and J. Malik},
  title = {A Database of Human Segmented Natural Images and its
           Application to Evaluating Segmentation Algorithms and
           Measuring Ecological Statistics},
  booktitle = {Proc. 8th Int'l Conf. Computer Vision},
  year = {2001},
  month = {July},
  volume = {2},
  pages = {416--423}
}