@article{goferman2012context,
  title={Context-aware saliency detection},
  author={Goferman, Stas and Zelnik-Manor, Lihi and Tal, Ayellet},
  journal={IEEE transactions on pattern analysis and machine intelligence},
  volume={34},
  number={10},
  pages={1915--1926},
  year={2012},
  publisher={IEEE}
}
@inproceedings{hou2007saliency,
  title={Saliency detection: A spectral residual approach},
  author={Hou, Xiaodi and Zhang, Liqing},
  booktitle={Computer Vision and Pattern Recognition, 2007. CVPR'07. IEEE Conference on},
  pages={1--8},
  year={2007},
  organization={IEEE}
}
@misc{team2017opencv,
  title={OpenCV},
  author={Team, OpenCV Developers},
  journal={2014-1-18]. http://opencv. org/about. html},
  year={2017}
}