@Article{GeBeKr01, 
  author =  "Georghiades, A.S. and Belhumeur, P.N. and Kriegman, D.J.", 
  title =   "From Few to Many: Illumination Cone Models for Face Recognition under 
               Variable Lighting and Pose", 
  journal = "IEEE Trans. Pattern Anal. Mach. Intelligence", 
  year =  2001, 
  volume = 23, 
  number = 6, 
  pages= "643-660"}
@article{sung1998example,
  title={Example-based learning for view-based human face detection},
  author={Sung, K-K and Poggio, Tomaso},
  journal={IEEE Transactions on pattern analysis and machine intelligence},
  volume={20},
  number={1},
  pages={39--51},
  year={1998},
  publisher={IEEE}
}
@article{su2001modified,
  title={A modified version of the K-means algorithm with a distance based on cluster symmetry},
  author={Su, Mu-Chun and Chou, Chien-Hsing},
  journal={IEEE Transactions on pattern analysis and machine intelligence},
  volume={23},
  number={6},
  pages={674--680},
  year={2001},
  publisher={IEEE}
}
@article{chen2006total,
  title={Total variation models for variable lighting face recognition},
  author={Chen, Terrence and Yin, Wotao and Zhou, Xiang Sean and Comaniciu, Dorin and Huang, Thomas S},
  journal={IEEE transactions on pattern analysis and machine intelligence},
  volume={28},
  number={9},
  pages={1519--1524},
  year={2006},
  publisher={IEEE}
}
@article{ahonen2006face,
  title={Face description with local binary patterns: Application to face recognition},
  author={Ahonen, Timo and Hadid, Abdenour and Pietikainen, Matti},
  journal={IEEE transactions on pattern analysis and machine intelligence},
  volume={28},
  number={12},
  pages={2037--2041},
  year={2006},
  publisher={IEEE}
}
@inproceedings{ahonen2004face,
  title={Face recognition with local binary patterns},
  author={Ahonen, Timo and Hadid, Abdenour and Pietik{\"a}inen, Matti},
  booktitle={European conference on computer vision},
  pages={469--481},
  year={2004},
  organization={Springer}
}