@inproceedings{lazebnik2006beyond,
  title={Beyond bags of features: Spatial pyramid matching for recognizing natural scene categories},
  author={Lazebnik, Svetlana and Schmid, Cordelia and Ponce, Jean},
  booktitle={Computer vision and pattern recognition, 2006 IEEE computer society conference on},
  volume={2},
  pages={2169--2178},
  year={2006},
  organization={IEEE}
}
@techreport{griffinHolubPerona,
Author = {G. Griffin and A. Holub and P. Perona},
Title = {Caltech-256 Object Category Dataset},
Institution = {California Institute of Technology},
    Year = {2007},
    URL = {http://authors.library.caltech.edu/7694},
    Number = {7694}
 
}